<record><leader>00000cas a22000007a 4500</leader><controlfield tag="001">15668402</controlfield><controlfield tag="008">870511d18901891iaucr ne      0    0eng d</controlfield><datafield ind1=" " ind2=" " tag="010"><subfield code="a">sn 87058200 </subfield></datafield><datafield ind1=" " ind2=" " tag="040"><subfield code="a">INP</subfield><subfield code="b">eng</subfield><subfield code="c">INP</subfield><subfield code="d">OCLCQ</subfield></datafield><datafield ind1=" " ind2=" " tag="042"><subfield code="a">msc</subfield></datafield><datafield ind1="0" ind2=" " tag="130"><subfield code="a">Weekly journal (Muscatine, Iowa)</subfield></datafield><datafield ind1="1" ind2="0" tag="245"><subfield code="a">Weekly journal.</subfield></datafield><datafield ind1=" " ind2=" " tag="260"><subfield code="a">Muscatine, Iowa :</subfield><subfield code="b">[s.n.],</subfield><subfield code="c">1890-1891.</subfield></datafield><datafield ind1=" " ind2=" " tag="300"><subfield code="a">v.</subfield></datafield><datafield ind1=" " ind2=" " tag="310"><subfield code="a">Semiweekly</subfield></datafield><datafield ind1="0" ind2=" " tag="362"><subfield code="a">May 27, 1890-Jan. 1, 1891.</subfield></datafield><datafield ind1=" " ind2=" " tag="500"><subfield code="a">"Published in two parts--part first issued Tuesday, part second issued Friday."</subfield></datafield><datafield ind1=" " ind2=" " tag="752"><subfield code="a">United States</subfield><subfield code="b">Iowa</subfield><subfield code="c">Muscatine</subfield><subfield code="d">Muscatine.</subfield></datafield><datafield ind1="0" ind2="0" tag="780"><subfield code="t">Muscatine weekly journal</subfield><subfield code="w">(DLC)sn 84027253</subfield></datafield><datafield ind1="0" ind2="0" tag="785"><subfield code="t">Muscatine journal (Muscatine, Iowa : 1891)</subfield><subfield code="w">(DLC)sn 87058199</subfield></datafield></record>